<record><leader>00000cas a22000007a 4500</leader><controlfield tag="001">22153431</controlfield><controlfield tag="008">900727d19801980aruwr ne      0    0eng d</controlfield><datafield ind1=" " ind2=" " tag="010"><subfield code="a">sn 90050251 </subfield></datafield><datafield ind1=" " ind2=" " tag="040"><subfield code="a">ANU</subfield><subfield code="b">eng</subfield><subfield code="c">ANU</subfield><subfield code="d">OCLCQ</subfield><subfield code="d">OCLCF</subfield><subfield code="d">OCLCO</subfield></datafield><datafield ind1="1" ind2=" " tag="029"><subfield code="a">AU@</subfield><subfield code="b">000025903809</subfield></datafield><datafield ind1=" " ind2=" " tag="042"><subfield code="a">msc</subfield></datafield><datafield ind1="0" ind2=" " tag="130"><subfield code="a">South Arkansas news (Monticello, Ark. : Ashley County ed.)</subfield></datafield><datafield ind1="0" ind2="0" tag="245"><subfield code="a">South Arkansas news.</subfield></datafield><datafield ind1=" " ind2=" " tag="250"><subfield code="a">Ashley County ed.</subfield></datafield><datafield ind1=" " ind2=" " tag="260"><subfield code="a">Monticello, Ark. :</subfield><subfield code="b">South Arkansas</subfield></datafield><datafield ind1=" " ind2=" " tag="300"><subfield code="a">v.</subfield></datafield><datafield ind1=" " ind2=" " tag="310"><subfield code="a">Weekly</subfield></datafield><datafield ind1="0" ind2=" " tag="362"><subfield code="a">Vol. 1, no. 1 (Apr. 9, 1980)-v. 1, no. 26 (Oct. 1, 1980).</subfield></datafield><datafield ind1=" " ind2=" " tag="580"><subfield code="a">Formed by the union of: South Arkansas news-press, and: Ashley County ledger (Hamburg, Ark. : 1969). Also formed by this merger: South Arkansas news (Monticello, Ark. : Drew County ed.).</subfield></datafield><datafield ind1=" " ind2="0" tag="651"><subfield code="a">Hamburg (Ark.)</subfield><subfield code="v">Newspapers.</subfield></datafield><datafield ind1=" " ind2="7" tag="655"><subfield code="a">Newspapers.</subfield><subfield code="2">fast</subfield><subfield code="0">(OCoLC)fst01423814</subfield></datafield><datafield ind1=" " ind2="7" tag="651"><subfield code="a">Arkansas</subfield><subfield code="z">Hamburg.</subfield><subfield code="2">fast</subfield><subfield code="0">(OCoLC)fst01879156</subfield></datafield><datafield ind1=" " ind2=" " tag="752"><subfield code="a">United States</subfield><subfield code="b">Arkansas</subfield><subfield code="c">Drew</subfield><subfield code="d">Monticello.</subfield></datafield><datafield ind1=" " ind2=" " tag="752"><subfield code="a">United States</subfield><subfield code="b">Arkansas</subfield><subfield code="c">Ashley</subfield><subfield code="d">Hamburg.</subfield></datafield><datafield ind1="1" ind2=" " tag="775"><subfield code="t">South Arkansas news (Monticello, Ark. : Drew County ed.)</subfield><subfield code="w">(DLC)sn 90050262</subfield></datafield><datafield ind1="1" ind2="4" tag="780"><subfield code="t">South Arkansas news-press</subfield><subfield code="w">(DLC)sn 90050277</subfield></datafield><datafield ind1="1" ind2="4" tag="780"><subfield code="t">Ashley County ledger (Hamburg, Ark. : 1969)</subfield><subfield code="w">(DLC)sn 90050250</subfield></datafield></record>